%% This BibTeX bibliography file was created using BibDesk.
%% http://bibdesk.sourceforge.net/

%% Created for Beno\^it Fraikin at 2017-03-27 13:12:45 -0400

%% Saved with string encoding Unicode (UTF-8)

%% Modifié par Marie-Flavie Auclair-Fortier 2022-02-10
%% ajout de définitions et d'entrées


%%%%%%%%%%%%%%%%% début des ajouts de 2022

%% Utile d'avoir des noms de revues et conférences définies par des id courts.
% JOURNAUX
% --------
@string{ai = "Artificial Intelligence"}
@string{ascona = "Automatic Extraction of Man-Made Objects from Aerial and Space Images"}
@string{cgip = "Computer Graphics and Image Processing"}
@string{cvip = "Computer Vision and Image Processing"}
@string{cvgip = "Computer Vision, Graphics and Image Processing"}
@string{cvgipg = "CVGIP: Graphical Models and Image Processing"}
@string{cvgipu = "CVGIP: Image Understanding"}
@string{cviu = "Computer Vision and Image Understanding"}
@string{ieeejra = "{\sc ieee} Journal of Robotics and Automation"}
@string{ieeespl = "{\sc ieee} Signal Processing Letters"}
@string{ieeetassp = "{\sc ieee} Transactions on Acoustic, Speech and Signal Processing"}
@string{ieeetbe = "{\sc ieee} Transactions on Biomedical Engineering"}
@string{ieeetc = "{\sc ieee} Transactions on Computer"}
@string{ieeetcsp = "{\sc ieee} Transaction on Circuits and System Processing"}
@string{ieeetcsvt = "{\sc ieee} Transactions on Circuits and Systems for Video Technology"}
@string{ieeetip = "{\sc ieee} Transactions on Image Processing"}
@string{ieeetmi = "{\sc ieee} Transactions on Medical Imaging"}
@string{ieeetmms = "{\sc ieee} Transactions on Man-Machine Systems"}
@string{ieeetnn = "{\sc ieee} Transactions on Neural Networks"}
@string{pami = "{\sc ieee} Transactions on Pattern Analysis and Machine Intelligence"}
@string{pamishort = "{\sc ieee} Trans. on PAMI"}
@string{ieeetra = "{\sc ieee} Transactions on Robotics and Automation"}
@string{ieeetre = "{\sc ieee} Transactions on Rehabilitation Engineering"}
@string{ieeets = "{\sc ieee} Transactions Systems, Man, and Cybernetics"}
@string{ieeetsp = "{\sc ieee} Transactions on Signal Processing"}
@string{ivc = "Image and Vision Computing"}
@string{ijcv = "The International Journal of Computer Vision"}
@string{ijmms = "The International Journal of Man-Machine Studies"}
@string{jvib = "Journal of Visual Impairment and Blindness"}
@string{lr = "La Recherche"}
@string{lncs = "Lecture Notes in Computer Science"}
@string{lncsshort = "LNCS"}
@string{pr = "Pattern Recognition"}
@string{prl = "Pattern Recognition Letters"}
@string{siamjna = "SIAM Journal of Numerical Analysis"}
@string{smatiim = "Semantic Modeling for the Acquisition of Topographic Information from Images and Maps"}
@string{sp = "Signal Processing"}
@string{tsi = "Techniques et Sciences Informatiques"}

% CONFERENCES
% -----------
@string{acm = "{Proceedings of the {\sc acm} International Conference on Multimedia}"}
@string{cra = "Proceedings of the {\sc ieee} Computer Society Conference on Robotics and Automation"}
@string{cvpr = "Proceedings of {\sc ieee} International Conference on Computer Vision and Pattern Recognition"}
@string{cesta2 = "Actes du deuxi\`{e}me Colloque Image, {\sc CESTA}"}
@string{ecai8 = {Proceedings of the 8th European Conference on Artificial Intelligence}}
@string{eccv90 = "Proceedings of the First European Conference on Computer Vision ({\sc eccv})"}
@string{gretsi11 = "Actes du \(11^{\grave{e}me}\) Colloque sur le Traitement du Signal et des Images ({\sc gretsi})"}
@string{gretsi12 = "Actes du \(12^{\grave{e}me}\) Colloque sur le Traitement du Signal et des Images ({\sc gretsi})"}
@string{gretsi13 = "Actes du \(13^{\grave{e}me}\) Colloque sur le Traitement du Signal et des Images ({\sc gretsi})"}
@string{iapr91 ="Proceedings of the \(6^{th}\) {\sc iapr} International Conference on Image Analysis and Processing"}
@string{iaprs ="Proceedings of International Archives of Photogrammetry and Remote Sensing"}
@string{iccv87 = "Proceedings of the First International Conference on Computer Vision"}
@string{iccv88 = "Proceedings of the Second International Conference on Computer Vision"}
@string{iccv90 = "Proceedings of the Third International Conference on Computer Vision"}
@string{iccv93 = "Proceedings of the Fourth International Conference on Computer Vision"}
@string{iciap8 = "Proceedings of the $8^{th}$ International Conference on Image Analysis andProcessing"}
@string{icip = "Proceedings of the {\sc ieee} International Conference on Image Processing"}
@string{icpr4 ="Proceedings of the \(4^{th}\) International Conference on Pattern Recognition"}
@string{icpr1978 = icpr4}
@string{icpr5 ="Proceedings of the \(5^{th}\) International Conference on Pattern Recognition"}
@string{icpr6 ="Proceedings of the \(6^{th}\) International Conference on Pattern Recognition"}
@string{icpr1982 = icpr6}
@string{icpr7 ="Proceedings of the \(7^{th}\) International Conference on Pattern Recognition"}
@string{icpr1984 = icpr7}
@string{icpr8 ="Proceedings of the \(8^{th}\) International Conference on Pattern Recognition"}
@string{icpr1986 = icpr8}
@string{icpr9 ="Proceedings of the \(9^{th}\) International Conference on Pattern Recognition"}
@string{icpr1988 = icpr9}
@string{icpr10 ="Proceedings of the \(10^{th}\) International Conference on Pattern Recognition"}
@string{icpr1990 = icpr10}
@string{icpr11 ="Proceedings of the \(11^{th}\) International Conference on Pattern Recognition"}
@string{icpr1992 = icpr11}
@string{icpr12 = "Proceedings of the \(12^{th}\) International Conference on Pattern Recognition"}
@string{icpr1994 = icpr12}
@string{icpr2000 = {Proceedings of the \(15^{th}\) International Conference on Pattern Recognition}}
@string{icpr16 = "Proceedings of the \(16^{th}\) International Conference on Pattern Recognition"}
@string{icpr2002 = icpr16}
@string{ijcai = "Proceedings of the International Joint Conference on Artificial Intelligence"}
@string{ijcai1 = "Proceedings of the \(1^{st}\) International Joint Conference on Artificial Intelligence"}
@string{ijcai2 = "Proceedings of the \(2^{nd}\) International Joint Conference on Artificial Intelligence"}
@string{ijcai4 = "Proceedings of the \(4^{th}\) International Joint Conference on Artificial Intelligence"}
@string{ijcai5 = "Proceedings of the \(5^{th}\) International Joint Conference on Artificial Intelligence"}
@string{ijcai6 = "Proceedings of the \(6^{th}\) International Joint Conference on Artificial Intelligence"}
@string{ijcai7 = "Proceedings of the \(7^{th}\) International Joint Conference on Artificial Intelligence"}
@string{ijcai9 = "Proceedings of the \(9^{th}\) International Joint Conference on Artificial Intelligence"}
@string{ijcrvsc1 = "Proceedings of the \(1^{st}\) International Joint Conference on Robot Vision and Sensor Control"}
@string{isir15 = "Proceedings of the \(15^{th}\) International Symposium on Industrial Robots ({\sc isir})"}
@string{iwmvmi = "Proceedings of the International Workshop on Machine Vision and Machine Intelligence"}
@string{mari = "Actes du Congr\`{e}s {\sc mari}--87"}
@string{rfia3 = "Actes du \(3^{\grave{e}me}\) Congr\`{e}s {\sc afcet} Reconnaissance des Formes et Intelligence Artificielle"}
@string{rfia4 = "Actes du \(4^{\grave{e}me}\) Congr\`{e}s {\sc afcet} Reconnaissance des Formes et Intelligence Artificielle"}
@string{rfia5 = "Actes du \(5^{\grave{e}me}\) Congr\`{e}s {\sc afcet} Reconnaissance des Formes et Intelligence Artificielle"}
@string{rfia6 = "Actes du \(6^{\grave{e}me}\) Congr\`{e}s {\sc afcet} Reconnaissance des Formes et Intelligence Artificielle"}
@string{rfia7 = "Actes du \(7^{\grave{e}me}\) Congr\`{e}s {\sc afcet} Reconnaissance des Formes et Intelligence Artificielle"}
@string{rfia8 = "Actes du \(8^{\grave{e}me}\) Congr\`{e}s {\sc afcet} Reconnaissance des Formes et Intelligence Artificielle"}
@string{scia4 = "Proceedings of the \(4^{th}\) Scandinavian Conference on Image Analysis"}
@string{scia5 = "Proceedings of the \(5^{th}\) Scandinavian Conference on Image Analysis"}
@string{scia6 = "Proceedings of the \(6^{th}\) Scandinavian Conference on Image Analysis"}
@string{scia8 = "Proceedings of the \(8^{th}\) Scandinavian Conference on Image Analysis"}
@string{sspr90 = {Pre-proceedings of IAPR Workshop on Syntactic and Structural Pattern Recognition, Murray Hill, NJ (USA)}}
@string{SPIEsar1 = "{{\sc is\&t/spie} Symposium on Electronic Imaging: Science and Technology, Conference: Storage and Retrieval for Image and Video Databases I: volume 1908}"}
@string{SPIEsar2 = "{{\sc is\&t/spie} Symposium on Electronic Imaging: Science and Technology, Conference: Storage and Retrieval for Image and Video Databases II: volume 2185}"}
@string{SPIEsar3 = "{{\sc is\&t/spie} Symposium on Electronic Imaging: Science and Technology, Conference: Storage and Retrieval for Image and Video Databases III: volume 2420}"}
@string{SPIEsar4 = "{{\sc is\&t/spie} Symposium on Electronic Imaging: volume 2670}"}
%        Science and Technology, Conference: Storage and Retrieval for Image
%        and Video Databases IV:
@string{SPIEsar5 = "{{\sc is\&t/spie} Symposium on Electronic Imaging: Science and Technology, Conference: Storage and Retrieval for Image and Video Databases V: volume 3022}"}
@string{SPIEdvc = "{{\sc is\&t/spie} Symposium on Electronic Imaging: volume 2419}"}
%        Science and Technology, Conference: Digital Video Compression:
%        Algorithms and Technologies:
@string{SPIEphot = "{Proceedings of {\sc spie} Photonics East '95: volume 2615}"}
%        Integration Issues in Large Commercial Media Delivery Systems:
@string{SPIEmcn = "{{\sc is\&t/spie} Multimedia Computing and Networking: volume 2417}"}

% MAISONS D'EDITION
% -----------------
@string{ap = "Academic-Press"}
@string{aw = "Addison-Wesley Publishing Company"}
@string{kap = "Kluwer Academic Publishers"}
@string{mh = "McGraw-Hill Book Company"}
@string{ph = "Prentice Hall"}
@string{sv = "Springer-Verlag"}
@string{bv = "Birkhäuser Verlag"}
@string{jws = "John Wiley and Sons"}

% LABORATOIRES OU UNIVERSITES
% ------------
@string{crin = "Centre de Recherche en Informatique de Nancy"}
@string{inria = "INRIA, Domaine de Voluceau, Roc\-quen\-court"}
@string{mit = "Massachusetts Institute of Technology"}
@string{dmi = "Département de mathématiques et d'informatique, Université de Sherbrooke"}
@string{di = "Département d'informatique, Université de Sherbrooke"}
@string{dishort = "Dépt d'info, U. de Sherbrooke"}

% LES REFERENCES
% --------------
%
% - les numeros d'universite sont en chiffres arabes:
%      Paris 6   et non pas    Paris VI
%
% - lorsqu'il y a plusieurs auteurs, ils sont separes par "and":
%      author= {D. Colnet and G. Masini and A. Napoli and K. Tombre},
%
% - {...} et "..." sont équivalents pour delimiter une rubrique:
%      author = {H. Abelson},    <==>    author = "H. Abelson",
%
% - les delimiteurs sont facultatifs pour une rubrique numerique:
%      year = {1981}  ou  year = "1981"  ou  year = 1981
%
% - une abreviation s'utilise seule et sans delimiteur:
%      booktitle = rfia4,    et non pas    booktitle = {rfia4},
%      booktitle = rfia4 {Paris},    est interdit
%
% - les numeros de pages sont separes par 2 tirets:
%      pages = {331--345}    et non pas    pages = {331-345}
%
% - dans les titres anglais, tous les noms communs sont en majuscules:
%               title = "Computer Models of Thoughts and Languages",
%    et non pas title = "Computer models of thoughts and languages",
%
% - dans les titres francais, tous les noms communs sont en minuscules
%
% - dans les titres, bibtex convertit les majuscules en minuscules,
%   sauf en debut de phrase et pour les noms communs dans les titres
%   anglais correctement ecrits.
%   Pour preserver les majuscules dans les titres francais ou pour les
%   noms propres des titres anglais, il faut encadrer le mot entre {...}
%   ou encadrer l'ensemble de la chaine par {{...}}:
%      title = "{SIMULA} begin",
%      title = "La programmation avec {Smalltalk-80}, support de cours",
%      title = {{La programmation avec Smalltalk-80, support de cours}}
%
% - LES DIFFERENTES CATEGORIES DE REFERENCES AYANT ETE CONCUES POUR LA
%   LANGUE ANGLAISE, TOUTES NE CONVIENNENT PAS POUR LES REFERENCES
%   FRANCAISES (certaines ajoutent des groupes de mots anglais
%   inadequats, comme par exemple PhD Thesis).
%   Les categories aPHDTHESIS et atechreport sont donc remplacees en francais
%   par aMISC, le champ howpublished etant rempli avec tout ce qui n'est pas
%   le titre.
%   LORSQUE amisc EST VRAIMENT UTILISE POUR CE QUI NE RENTRE PAS DANS LES
%   CATEGORIES EXISTANTES, IL FAUT SUPPRIMER LES ITALIQUES {\it ...} DU
%   TITRE, AUTOMATIQUEMENT INSEREES PAR LA COMMANDE emacs. Ces italiques ne
%   servent qu'a conserver la meme presentation en anglais et en francais pour
%   les theses et les rapports techniques.
%
%   Voici les differentes categories possibles, pour l'Anglais et le
%   Francais, avec les commandes emacs pour les construire: on passe
%   de rubrique en rubrique par ^C (recursive-edit).
%
%                       ANGLAIS                     FRANCAIS
%
% article dans revue    aarticle        ESC ^A      aarticle        ESC ^A
% article dans livre    ainbook         ESC ^I      ainbook         ESC ^I
% article dans congres  ainproceedings  ESC ^P      ainproceedings  ESC ^P
% livre                 abook           ESC ^B      abook           ESC ^B
% manuel                amanual         ESC ^M      amanual         ESC ^M
% these                 aphdthesis      ESC ^T      amisc           ESC ^O
% rapport technique     atechreport     ESC ^R      amisc           ESC ^O
% autre                 amisc           ESC ^O      amisc           ESC ^O
%
% Penser a regarder les references existantes en cas d'hesitation

%%%%%%%%%%%%%%%%%%%%%%%%%%%%%%%%%%%%%%%%%%%%%%%%%%%%%%%%%%%%%%%%%%%%%
%                           Livres - General                        %
%%%%%%%%%%%%%%%%%%%%%%%%%%%%%%%%%%%%%%%%%%%%%%%%%%%%%%%%%%%%%%%%%%%%%

%@book{ballard82,
%	author = {D. H. Ballard and C. M. Brown},
%	title = {{Computer Vision}},
%	publisher = ph,
%	year = 1982,
%	address = {Englewood Cliffs, New Jersey, 07632},
%	isbn = {0-13-165316-4},
%	keywords = {Computer vision},
%	source = {Universite de Sherbrooke},
%}
%
%@book{edwards98,
%	author = {C. H. Edwards and D. E. Penney},
%	title = {{Calculus with Analytic Geometry}},
%	publisher = ph,
%	year = 1998,
%	address = {Upper Saddle River, N.J.},
%	edition = {5th},
%	isbn = {0137363311},
%	keywords = {Analytic geometry, Calculus},
%	source = {Universite de Sherbrooke},
%}
%
%@book{furht95,
%	author = {B. Furht and S. W. Smoliar and H. Zhang},
%	title = {{Video and Image Processing in Multimedia Systems}},
%	publisher = kap,
%	year = 1995,
%	address = {Boston},
%	isbn = {0-7923-9604-9},
%	keywords = {Image processing, Video processing, Video compression, Multimedia},
%	source = {Universite de Sherbrooke},
%}
%
%@book{furht96,
%	author = {B. Furht},
%	editor = {B. Furht},
%	title = {{Multimedia Systems and Techniques}},
%	publisher = {kap},
%	year = 1996,
%	series = {Kluwer international series in engineering and computer science. Multimedia
%	systems and applications.},
%	address = {Boston},
%	isbn = {0792396839},
%	keywords = {Multimedia},
%	source = {Universite de Sherbrooke},
%}
%
%@book{gonzalez87,
%	author = {R. C. Gonzalez and P. Wintz},
%	title = {{Digital Image Processing}},
%	publisher = aw,
%	year = 1987,
%	address = {Reading, MA, US},
%	edition = {2nd}
%}
%
%@book{gonzalez93,
%	author = {R. C. Gonzalez and R. E. Woods},
%	title = {{Digital Image Processing}},
%	publisher = aw,
%	year = 1993,
%	address = {Reading, MA, US},
%	isbn = {0-201-50803-6},
%	keywords = {Image processing},
%	source = {Home, Universite de Sherbrooke},
%}
%
%@book{hall79,
%	author = {E. L. Hall},
%	title = {{Computer Image Processing and Recognition}},
%	publisher = ap,
%	year = 1979,
%	series = {Computer science and applied mathematics},
%	address = {New York, US},
%	isbn = {0-12-318850-4},
%	keywords = {Image processing, Object recognition},
%	source = {Universite de Sherbrooke},
%}
%
%@book{haralick92,
%	author = {R.M. Haralick and L.G. Shapiro},
%	title = {{Computer and Robot Vision}},
%	publisher = aw,
%	year = 1992,
%	volume = 1,
%	address = {MA, USA},
%	isbn = {0-201-10877-1},
%	keywords = {Vision par ordinateur, Vision artificielle, Robotique, Traitement d'images},
%	source = {UdeS},
%	file = F
%}
%note = {TA 1632 H37 1992 V.1},
%
%@book{horn86,
%	author = {B. K. P. Horn},
%	title = {{Robot Vision}},
%	publisher = mh,
%	year = 1986,
%	series = {The MIT electrical engineering and computer science series},
%	address = {New York},
%	isbn = {0-262-08159-8},
%	keywords = {Robotics, Artificial vision},
%	source = {Universite de Sherbrooke},
%}
%
%%anc. jahne93
%@book{jahne95,
%	author = {B. Jähne},
%	title = {{Digital Image Processing - Concepts, Algorithms and Scientific
%	Applications}},
%	publisher = sv,
%	year = 1995,
%	address = {Berlin, New York},
%	edition = {3rd},
%	isbn = {3540592989},
%	keywords = {Image processing},
%	source = {Universite de Sherbrooke},
%}
%
%@book{jain95,
%	author = {R. Jain and R. Kasturi and B. G. Schunck},
%	title = {{Machine Vision}},
%	publisher = mh,
%	year = 1995,
%	series = {McGraw-Hill series in computer science. Artificial intelligence},
%	address = {New York},
%	isbn = {0-07-032018-7},
%	keywords = {Computer vision},
%	source = {Universite de Sherbrooke},
%}
%
%@inbook{marr80,
%	author = {D. Marr and E. Hildreth},
%	title = {{Theory of Edge Detection}},
%	publisher = {Proc. Roy. Soc.},
%	year = 1980,
%	volume = 207,
%	series = {Serie B},
%	address = {London},
%	pages = {187--217},
%}
%
%@book {nalwa93,
%	author = {V. S. Nalwa},
%	title = {{A Guided Tour of Computer Vision}},
%	publisher = aw,
%	address = {Reading, MA, US},
%	year = 1993
%}
%
%@book{pavlidis77,
%	author = {T. Pavlidis},
%	title = {{Structural Pattern Recognition}},
%	publisher = sv,
%	year = 1977,
%	address = {Berlin, Germany}
%}
%
%@book {pratt78,
%	author = {W. K. Pratt},
%	title = {{Digital Image Processing}},
%	publisher = jws,
%	address = {New York, US},
%	year = 1982
%}
%
%@book{press92,
%	author = {W. Press and S. Teukolsky and W. Vetterling and B. Flannery},
%	title = {{Numerical Recipes in C}},
%	publisher = {Cambridge University Press},
%	year = 1992
%}
%
%@book {rosenfeld82,
%	author = {A. Rosenfeld and A. C. Kak},
%	title = {{Digital Picture Processing}},
%	volume = 1,
%	publisher = ap,
%	address = {New York, US},
%	year = 1982
%}
%
%@book{serra82,
%	author = {J. Serra},
%	title = {{Image Analysis and Mathematical Morphology}},
%	publisher = ap,
%	year = 1982,
%	address = {New York, US},
%}
%
%@book{thomas88,
%	author = {G. B. Thomas and R. L. Finney},
%	title = {{Calculus and Analytic Geometry}},
%	publisher = aw,
%	year = 1988
%}
%
%%%%%%%%%%%%%%% AAAAAAAAAAAAAAAAAAAAAAAAAAAAAAAAAAAAAA %%%%%%%%%%%%%%
%
%@mastersthesis{auclair99d,
%	author = {M.-F. Auclair-Fortier},
%	title = {{Extraction de caractéristiques: Contours multispectraux, contours de texture et routes}},
%	type = {Mémoire de Maîtrise},
%	school = {Université de Sherbrooke},
%	year = {1999},
%	address = {Sherbrooke, Canada},
%	month = aug,
%}
%
%@inproceedings{auclair02a,
%	author = {M.-F. Auclair-Fortier and P. Poulin and D. Ziou and M. Allili},
%	title = {{A Computational Algebraic Topology Approach for Optical Flow}},
%	booktitle = icpr16,
%	volume = {I},
%	pages = {352--355},
%	address = {Québec, Canada},
%	month = aug #{~11-15},
%	year = 2002,
%	organization = {International Association for Pattern Recognition},
%	abstract = {This paper proposes an alternative to partial differential equations (PDEs) for the solution of the optical flow problem. The problem is modeled using the heat transfer process.  Instead of using	PDEs, we propose to use the global equation of heat conservation. We use a computational algebraic topology-based image model which allows us to encode some underlying physical laws by linking a global value on a domain with values on its boundary. The numerical scheme is derived in a straightforward way from the problem modeled and provides a physical explanation of each solving step. Experimental results are	presented.},
%	keywords = {Computational algebraic topology},
%}
%
%@article{Essen2012,
%	author = {Essen, D.C. and Ugurbil, K and Auerbach, Edward and Barch, Deanna and Behrens, T.E.J. and Bucholz, Richard and Chang, A and Chen, Liyong and Corbetta, Maurizio and Curtiss, Sandra and Della Penna, Stefania and Feinberg, David and Glasser, Matthew and Harel, Noam and Heath, A.C. and Larson-Prior, Linda and Marcus, Daniel and Michalareas, Georgios and Moeller, Steen and Yacoub, Essa},
%	year = {2012},
%	month = {02},
%	pages = {2222-31},
%	title = {The Human Connectome Project: A data acquisition perspective},
%	volume = {62},
%	journal = {NeuroImage},
%	doi = {10.1016/j.neuroimage.2012.02.018}
%}
%
%@inproceedings{auclair02b,
%	author = {M.-F. Auclair-Fortier and P. Poulin and D. Ziou and M. Allili},
%	title = {{A Computational Algebraic Topology Model for the Deformation of Curves}},
%	booktitle = {Proceedings of the $2^{nd}$ International Workshop on Articulated
%	Motion and Deformable Objects},
%	series = lncs,
%	volume = 2492,
%	pages = {56--67},
%	address = {Palma de Mallorca, Spain},
%	month = nov #{~21-23},
%	year = 2002,
%	publisher = sv,
%	editor = {F. J. Perales and E. R. Hancock},
%	isbn = {3-540-00149-2},
%	abstract = {A new method for the deformation of curves is presented. It is based upon a decomposition of the linear elasticity problem into basic physical laws. Unlike other methods which solve the partial differential equation arising from the physical laws by numerical techniques, we encode the basic laws using computational algebraic topology.	Conservative laws use exact global values while constitutive allow to make wise assumptions using some knowledge about the problem and the domain. The deformations computed with our approach have a physical interpretation. Furthermore, our algorithm performs with either 2D or 3D problems.  We finally present an application of the model in	updating road databases and results validating our approach.},
%	keywords = {Curve deformation, principle of linear momentum, computational
%	algebraic topology, active contours, road database updating.},
%}
%
%@techreport{auclair04b,
%	author = {M.-F. Auclair-Fortier and D. Ziou},
%	title = {{CAT-Based Resolution of Steady-State Heat Transfer for Image Reconstruction and Optical Flow}},
%	institution = di,
%	number = 03,
%	month = aug,
%	year = 2004,
%	url = {www.dmi.usherb.ca/~auclair/Univ/Auclair-TR03.pdf},
%	abstract = {This paper proposes an alternative to partial differential equations (PDEs) for the solution of some problems in computer vision based on the steady-state heat transfer problem. Traditionally, the method for solving such physics-based problems is to discretize and solve a PDE by a purely mathematical process. Instead of using the PDE, we propose to use the global	steady-state heat equation and to decompose it into basic laws. We show that some of these laws admit an exact global version since they arise from balance	principles. We also show that the assumptions made about the other basic laws can be made wisely, taking into account knowledge about the problem and the	domain. Moreover, we use a computational algebraic topology-based image model which allows us to encode physical conservative laws by linking a global value on a domain with values on its boundary. The numerical scheme is derived in a straightforward way from the problem modeled, thus providing a physical	explanation for each step in the solution. We apply the scheme to two applications: image reconstruction and optical flow computation.},
%	keywords = {Physics-based methods, computational algebraic
%	topology, image model, steady-state heat transfer problem, image
%	reconstruction, optical flow},
%}
%
%@phdthesis{auclair04f,
%	author = {M.-F. Auclair-Fortier},
%	title = {Résolution du problème de transfert de chaleur par une approche TAC:
%	application au traitement et à l'analyse des images},
%	type = {Thèse de Doctorat},
%	school = {Université de Sherbrooke},
%	year = 2004,
%	address = {Sherbrooke, Canada},
%	month = jul,
%	abstract = {This thesis proposes an alternative to partial differential equations (PDEs) for the solution of some problems in computer vision based on the heat transfer equation. Traditionally, the method for solving such physics-based problems is	to discretize and solve a PDE by a purely mathematical process. Instead of using the PDE, we propose to use the global heat equation and to decompose it into basic laws. We show that some of these laws admit an exact global version since they arise from balance principles. We also show that the assumptions made on the other basic laws can be made wisely, taking into account knowledge about the problem and the domain. We use a computational algebraic topology-based image model which allows us to encode a physical conservative law by linking a global value on a domain with values on its boundary. The numerical scheme is derived in a straightforward way from the problem modeled. It thus provides a physical explanation of each solving step in the solution. 	We apply the scheme to various applications: image reconstruction from the Laplacian, optical flow computation, denoising by graylevel and multispectral diffusion and inpainting which are all modeled with the heat transfer equation.},
%}
%
%%%%%%%%%%%%%%% BBBBBBBBBBBBBBBBBBBBBBBBBBBBBBBBBBBBBB %%%%%%%%%%%%%%
%
%@inproceedings{bereziat00b,
%	author = {D. Bereziat and I. Herlin},
%	title = {{Object Based Optical Flow Estimation with an Affine Prior Model}},
%	crossref = {icpr:2000},
%	volume = 2,
%	pages = {1060--1063},
%	keywords = {Optical flow, Generalized constraint},
%}
%
%@inproceedings{bertalmio03b,
%	crossref = {cvpr:2003},
%	author = {M. Bertalmío and L. Vese and G. Sapiro and S. Osher},
%	title = {{Simultaneous Structure and Texture Image Inpainting}},
%	volume = 2,
%	pages = {707--712},
%	abstract = {An algorithm for the simultaneous filling-in of texture and structure in regions of missing image information is presented in this paper. The basic idea is to first decompose the image into the sum of two functions with different basic characteristics, and then reconstruct each one of these functions separately with structure and texture filling-in algorithms. The first function used in the decomposition is of bounded variation, representing the underlying image struc-ture, while the second function captures the	texture and possible noise. The region of missing information in the bounded variation image is reconstructed using image in-painting algorithms, while the same region in the texture image is filled-in with texture synthesis techniques. The original image is then reconstructed adding back these two sub-images. The novel contribution of this paper is then in the combination of these three previously developed components, image	decomposition with inpainting and texture synthesis, which permits	the simultaneous use of filling-in algorithms that are suited for	different image characteristics. Examples on real images show the	advantages of this proposed approach.},
%	keywords = {Inpainting, filling-in, structure, texture, texture synthesis,
%	bounded variation, image decomposition},
%}
%
%%%%%%%%%%%%%%% CCCCCCCCCCCCCCCCCCCCCCCCCCCCCCCCCCCCCC %%%%%%%%%%%%%%
%
%@article {canny86,
%	author = {J. Canny},
%	title = {{A Computational Approach to Edge Detection}},
%	journal = pami,
%	volume = 8,
%	number = 6,
%	pages = {679--698},
%	year = 1986,
%	keywords = {Edge detection},
%}
%
%@inproceedings{criminisi03,
%	crossref = {cvpr:2003},
%	author = {A. Criminisi and P. Pérez and K. Toyama},
%	title = {{Object Removal by Exemplar-Based Inpainting}},
%	volume = 2,
%	pages = {721--728},
%	abstract = {A new algorithm is proposed for removing large objects from digitaliio	images. The challenge is to fill in the hole that is left behind in a visually plausible way. In the past, this problem has been addressed by two classes of algorithms: (i) texture synthesis algorithms for generating large image regions from sample textures, and (ii) inpainting techniques for filling in small image gaps. The former work well for textures  repeating two-dimensional patterns with some stochasticity; the latter focus on linear structures which can be thought of as one-dimensional patterns, such as lines and object contours. This paper presents a novel and efficient algorithm that combines the advantages of these two approaches. We first note that exemplar-based texture synthesis contains the essential process required to replicate both texture and structure; the success of structure propagation, however, is highly dependent on the order in which the filling proceeds. We propose a best-first algorithm in which the confidence in the synthesized pixel values is propagated in a manner similar	to the propagation of information in inpainting. The actual colour values are	computed using exemplar-based synthesis. Computational efficiency is achieved	by a block-based sampling process. A number of examples on real and synthetic	images demonstrate the effectiveness of our algorithm in removing large occluding	objects as well as thin scratches. Robustness with respect to the shape of the	manually selected target region is also demonstrated. Our results compare	favorably to those obtained by existing techniques.},
%}
%
%%%%%%%%%%%%%%% DDDDDDDDDDDDDDDDDDDDDDDDDDDDDDDDDDDDDD %%%%%%%%%%%%%%
%
%@techreport{deriche95,
%	author = {R. Deriche and O. Faugeras},
%	title = {{Les EDP en traitement des images et vision par ordinateur}},
%	institution =  inria,
%	number = 2697,
%	month = nov,
%	year = 1995,
%	keywords = {Partial differential equations, image enhancement, image restoration,	variational formulation, regularization, scale-space, shock filtering,
%	image processing, computer vision},
%	abstract = {For some time now we have been witnessing an increased interest in a number of	problems based within the domain of image processing. This is for a number of reasons, of	which the first is for an increased demand of efficient algorithms and better performance,	within image enhancement, restoration, multi-scale analysis \ldots The second reason is	the emergence of a new methodology within the algorithmic framework of Partial Differential Equations (PDE) for the resolution of such problems. This PDE based methodology, whose	introduction within image processing has occurred only recently, allows to handle efficiently a number of non linear problems (existence and uniqueness of solution,	efficient numerical schemes for the implementation part..) Some of the ideas developped	within the context of image processing have also started to be applied to a certain number of problems in the domain of computer vision, such as in low-level vision, stereovision, motion analysis, shape from shading, etc. This report is a non-exhaustive review of the state-of-the-art research within this domain. It shows how the most recent techniques of the theory of PDE's succeed in solving some of the most difficult problems in image processing and computer vision.},
%}
%url = {http://www.inria.fr/rrrt/rr-2697.html},
%
%@misc{deschenes98,
%	author = {F. Deschênes},
%	title = {{Segmentation des séquences vidéo}},
%	howpublished = {Rapport de projet},
%	note = {Département de Mathématiques et Informatique, Université de Sherbrooke, Document non publié},
%	institution = dmi,
%	year = 1998,
%	keywords = {Video shot boundary detection},
%}
%
%@mastersthesis{deschenes99a,
%	author = {F. Deschênes},
%	title = {{Estimation des jonctions, du mouvement apparent et du relief en vue d'une reconstruction 3D de la scène}},
%	school = {Université de Sherbrooke},
%	year = 1999,
%	address = {Sherbrooke, Canada},
%	month = dec,
%}
%
%@techreport {deschenes00,
%	author = {F. Deschênes and D. Ziou and M.-F. Auclair-Fortier},
%	title = {{Detection of Lines, Line Junctions and Line Terminations}},
%	institution = dmi,
%	note = {{Preliminary version of IJRS's paper}},
%	month = oct,
%	number = 259,
%	address = {Sherbrooke, Canada},
%	year = 2000,
%	keywords = {Feature extraction, Line detection, Line junction detection},
%}
%
%@article{deschenes04b,
%	author = {F. Deschênes and D. Ziou and M.-F. Auclair-Fortier},
%	title = {{Detection of Lines, Line Junctions and Line Terminations}},
%	journal = {International Journal of Remote Sensing},
%	volume = 25,
%	number = 3,
%	pages = {511--535},
%	month = feb,
%	year = 2004,
%	abstract = {This paper describes an optimal line detector for the one-dimensional case which is derived from Cannys criteria, and an efficient approach for the detection of line junctions and line 	terminations. The line detector is extended	to the two-dimensional case by operating separately in the x and y directions. An efficient implementation using an infinite impulse response (IIR) filter is provided. This implementation has the additional advantage that increasing the filter scale affects neither temporal nor spatial complexity. The detection	algorithm for junctions and terminations is divided into two steps. First, given the lines extracted from the original image, a local measure of line curvature is estimated using the mean of the dot products of orientation vectors within a	given neighbourhood. The second step involves the localization of junctions and	terminations. Experimental results using several synthetic and real images demonstrate the validity of the two methods.},
%}
%
%%%%%%%%%%%%%%% EEEEEEEEEEEEEEEEEEEEEEEEEEEEEEEEEEEEEE %%%%%%%%%%%%%%
%
%%%%%%%%%%%%%%% FFFFFFFFFFFFFFFFFFFFFFFFFFFFFFFFFFFFFF %%%%%%%%%%%%%%
%
%%%%%%%%%%%%%%% GGGGGGGGGGGGGGGGGGGGGGGGGGGGGGGGGGGGGG %%%%%%%%%%%%%%
%
%%%%%%%%%%%%%%% HHHHHHHHHHHHHHHHHHHHHHHHHHHHHHHHHHHHHHH %%%%%%%%%%%%%%
%
%@article{horn81,
%	author = {B. K. P. Horn and B. Schunck},
%	title = {{Determining Optical Flow}},
%	journal = ai,
%	volume = 17,
%	pages = {185--203},
%	year = 1981,
%	keywords = {Optical flow},
%}
%
%%%%%%%%%%%%%%% IIIIIIIIIIIIIIIIIIIIIIIIIIIIIIIIIIIIIII %%%%%%%%%%%%%%
%
%@inproceedings{igehy97,
%	crossref = {icip:1997},
%	author = {H. Igehy and L. Pereira},
%	title = {{Image Replacement through Texture Synthesis}},
%	volume = 3,
%	pages = {186--189},
%	abstract = {Photographs and images often have regions which are in some sense flawed. Often, there may be a stain or an undesired feature covering a significant portion of the image, and an algorithm that can fix the image is desired. We propose a
%technique based on Heeger and Bergens texture synthesis algorithm [4]. By integrating a composition step into the aforementioned algorithm, one portion of the image can be substituted with a synthetic texture derived from another portion of the image. The goal of this synthetic texture is to create a plausible patch without visible seams or repetitive features. We compare this technique, which works on areas that are stochastic in nature, with other variations of image replacement which utilize a combination of image composition and texture synthesis.},
%}
%
%%%%%%%%%%%%%%% JJJJJJJJJJJJJJJJJJJJJJJJJJJJJJJJJJJJJJJ %%%%%%%%%%%%%%
%
%%%%%%%%%%%%%%% KKKKKKKKKKKKKKKKKKKKKKKKKKKKKKKKKKKKKKK %%%%%%%%%%%%%%
%
%@inbook{kevorkian90a,
%	pages = {48--116},
%	chapter = 2,
%	crossref = {kevorkian90},
%}
%
%@article {kitchen82,
%	author = {L. Kitchen and A. Rosenfeld},
%	title = {{Gray-Level Corner Detection}},
%	journal = prl,
%	volume = 1,
%	number = 2,
%	pages = {95--102},
%	month = dec,
%	year = 1982,
%	keywords = {Junction detection},
%}
%
%%%%%%%%%%%%%%% LLLLLLLLLLLLLLLLLLLLLLLLLLLLLLLLLLLLLLL %%%%%%%%%%%%%%
%
%%%%%%%%%%%%%%% MMMMMMMMMMMMMMMMMMMMMMMMMMMMMMMMMMMMMMM %%%%%%%%%%%%%%
%
%%%%%%%%%%%%%%% NNNNNNNNNNNNNNNNNNNNNNNNNNNNNNNNNNNNNNN %%%%%%%%%%%%%%
%
%%%%%%%%%%%%%%% OOOOOOOOOOOOOOOOOOOOOOOOOOOOOOOOOOOOOOO %%%%%%%%%%%%%%
%
%%%%%%%%%%%%%%% PPPPPPPPPPPPPPPPPPPPPPPPPPPPPPPPPPPPPPP %%%%%%%%%%%%%%
%
%@article{perona90,
%	author = {P. Perona and J. Malik},
%	title = {{Scale-Space and Edge Detection Using Anisotropic Diffusion}},
%	journal = pami,
%	year = 1990,
%	volume = 12,
%	number = 7,
%	pages = {629--639},
%	month = jul,
%	abstract = {A new definition of scale-space is suggested, and a class of algorithms used to realize a diffusion process is introduced. The diffusion coefficient is chosen to vary spatially in such a way as to encourage intraregion smoothing rather than interregion smoothing. It is shown that the 'no new maxima should be generated at coarse scales' property of conventional scale space is preserved. As the region boundaries in the approach remain sharp, a high-quality edge detector which successfully exploits global information is obtained. Experimental results are shown on a number of images. Parallel hardware implementations are made feasible because the algorithm involves elementary, local operations replicated over the image.},
%	keywords = {edge detection, anisotropic diffusion, scale-space, intraregion smoothing},
%}
%
%%%%%%%%%%%%%%% QQQQQQQQQQQQQQQQQQQQQQQQQQQQQQQQQQQQQQQ %%%%%%%%%%%%%%
%
%@inproceedings{qiu00,
%	author = {M. Qiu},
%	title = {{Computing Optical Flow Based on the Mass-conserving Assumption}},
%	crossref = {icpr:2000},
%	volume = 3,
%	pages = {1041--1044},
%	keywords = {Optical flow, Generalized constraint},
%}
%
%%%%%%%%%%%%%%% RRRRRRRRRRRRRRRRRRRRRRRRRRRRRRRRRRRRRRR %%%%%%%%%%%%%%
%
%%%%%%%%%%%%%%% SSSSSSSSSSSSSSSSSSSSSSSSSSSSSSSSSSSSSSS %%%%%%%%%%%%%%
%
%%%%%%%%%%%%%%% TTTTTTTTTTTTTTTTTTTTTTTTTTTTTTTTTTTTTTT %%%%%%%%%%%%%%
%
%@phdthesis{tschumperle02,
%	author = {D. Tschumperlé},
%	title = {{PDE-Based Regularization of Multivalued Images and Applications}},
%	school = {{Université de Nice}},
%	year = 2002,
%	address = {Sophia Antipolis, France},
%	month = dec,
%}
%
%%%%%%%%%%%%%%% UUUUUUUUUUUUUUUUUUUUUUUUUUUUUUUUUUUUUUU %%%%%%%%%%%%%%
%
%%%%%%%%%%%%%%% VVVVVVVVVVVVVVVVVVVVVVVVVVVVVVVVVVVVVVV %%%%%%%%%%%%%%
%
%%%%%%%%%%%%%%% WWWWWWWWWWWWWWWWWWWWWWWWWWWWWWWWWWWWWWW %%%%%%%%%%%%%%
%
%@article{weickert97,
%	author = {J. Weickert},
%	title = {{A Review of Nonlinear Diffusion Filtering}},
%	journal = lncs,
%	volume = 1252,
%	pages = {3--28},
%	year = 1997,
%	bibdate = {Fri Aug 22 11:59:49 MDT 1997},
%	acknowledgement = ack-nhfb,
%	keywords = {Nonlinear diffusion},
%}
%%%%%%%%%%%%%%% XXXXXXXXXXXXXXXXXXXXXXXXXXXXXXXXXXXXXXX %%%%%%%%%%%%%%
%
%%%%%%%%%%%%%%% YYYYYYYYYYYYYYYYYYYYYYYYYYYYYYYYYYYYYYY %%%%%%%%%%%%%%
%
%%%%%%%%%%%%%%% ZZZZZZZZZZZZZZZZZZZZZZZZZZZZZZZZZZZZZZZ %%%%%%%%%%%%%%
%
%@inproceedings{ziou00,
%	author = {D. Ziou},
%	title = {Optimal Line Detector},
%	crossref = {icpr:2000},
%	pages = {530--533},
%	volume = 3,
%	keywords = {Feature extraction, Line detection},
%}
%
%@inproceedings{ziou04,
%	author = {D. Ziou and M. Allili},
%	title = {{Image Model: New Perspective for Image Processing and Computer Vision}},
%	crossref = {ei:2004},
%	pages = {123--133},
%}
%
%%%%%%%%%%%%%%%%%% fin des ajouts de 2022
%
%@misc{Uqam.presGuide.18,
%	author = {{Service des bibliothèques}},
%	title = {Guide de présentation des mémoires et des thèses},
%	type = {Guide},
%	institution = {Université du Québec à Montréal},
%	year = {2018},
%	version = {2.1},
%	url = {http://www.guidemt.uqam.ca/sites/default/files/site/all/default/upload/guidemt_uqam_2018.pdf},
%}
%
%@inbook{Ch.96-Programmer-avec-Scheme,
%	Author = {Jacques Chazarain},
%	Booktitle = {Programmer avec Scheme},
%	Chapter = {8},
%	Pages = {235--268},
%	Publisher = {Thomson Publishing},
%	Title = {Programmer avec Scheme},
%	Year = {1996},
%}
%
%@book{Abr.96-BBook,
%	Address = {Cambridge, UK},
%	Author = {Jean-Raymond Abrial},
%	Isbn = {0-521-49619-5},
%	Length = {850},
%	Publisher = {Cambridge University Press},
%	title = {The B-Book: Assigning Programs to Meanings},
%	Year = {1996},}
%
%@book{Hoa.85-CSP,
%	Address = {Englewood Cliffs, NJ},
%	Author = {Charles A. R. Hoare},
%	Isbn = {0-13-153271-5},
%	Publisher = {Prentice-Hall},
%	Title = {Communicating Sequential Processes},
%	Year = {1985}}
%
%@book{Jac.83-JSD,
%	Address = {Englewood Cliffs},
%	Author = {Michael Jackson},
%	Isbn = {0-13-880328-5},
%	Publisher = {Prentice Hall},
%	Title = {System Development},
%	Year = {1983}}
%
%@book{Mil.89-CCS,
%	Author = {Robin Milner},
%	Publisher = {Prentice Hall},
%	Series = {International Series in Computer Science},
%	Title = {Communication and Concurrency},
%	Year = {1989}}
%
%@article{FSd.03-eb3,
%	Author = {Marc Frappier and Richard St-Denis},
%	Journal = {Software and System Modeling},
%	Month = jul,
%	Number = {2},
%	Pages = {134--149},
%	Title = {{EB${}^{3}$}. an Entity-Based Black-Box Specification Method for Information Systems},
%	Volume = {2},
%	Year = {2003}}
%
%@article{FFL.05-SOSYM,
%	Author = {Beno{\^\i}t Fraikin and Marc Frappier and R{\'e}gine Laleau},
%	Doi = {10.1007/s10270-005-0083-4},
%	Journal = {Software and System Modeling},
%	Month = jul,
%	Number = {3},
%	Pages = {236--257},
%	Title = {State-{B}ased versus {E}vent-{B}ased {S}pecifications for {I}nformation {S}ystem {S}pecification. A {C}omparison of {B} and $\textsc{eb}^{3}$},
%	Volume = {4},
%	Year = {2005}}
%
%@article{Bo.84-VVS,
%	Author = {Barry W. Boehm},
%	Journal = {IEEE Software},
%	Keywords = {Verification},
%	Number = {1},
%	Pages = {75--88},
%	Title = {{Verifying and Validating Software Requirements and Design Specifications.}},
%	Volume = {1},
%	Year = {1984}}
%
%@proceedings{LeWe.09-IFM,
%	Booktitle = {Integrated Formal Methods},
%	Doi = {10.1007/978-3-642-00255-7},
%	Editor = {Michael Leuschel and Heike Wehrheim},
%	Keywords = {Formal methods},
%	Month = feb,
%	Publisher = {Springer Berlin / Heidelberg},
%	Series = {Lecture Notes in Computer Science},
%	Title = {Integrated Formal Methods. 7th International Conference, IFM 2009, D{\"u}sseldorf, Germany, February 16--19, 2009. Proceedings},
%	Volume = {5423},
%	Year = {2009}}
%
%@inproceedings{LeBu.03-ProB,
%	Author = {Michael Leuschel and Michael Butler},
%	Crossref = {ArGnMa.03-FME},
%	Keywords = {B-Method, Tool Support, Model Checking, Animation, Logic Programming, Constraints},
%	Pages = {855--874},
%	Publisher = {Springer-Verlag},
%	Title = {Pro{B}: A Model Checker for {B}}}
%
%@proceedings{ArGnMa.03-FME,
%	Booktitle = {FME 2003: Formal Methods},
%	Doi = {10.1007/b13229},
%	Editor = {Keijiro Araki and Stefania Gnesi and Dino Mandrioli},
%	Isbn = {978-3-540-40828-4},
%	Publisher = {Springer Berlin / Heidelberg},
%	Series = {Lecture Notes in Computer Science},
%	Title = {FME 2003: Formal Methods},
%	Volume = {2805},
%	Year = {2003}}
%
%@inproceedings{Matra.99-Meteor,
%	Author = {Patrick Behm and Paul Benoit and Alain Faivre and Jean-Marc Meynadier},
%	Booktitle = {Proceedings of FM'99: World Congress on Formal Methods},
%	Editor = {Jeannette M. Wing and Jim Woodcock and Jim Davies},
%	Month = sep,
%	Pages = {369--387},
%	Publisher = {Springer-Verlag},
%	Series = {Lecture Notes in Computer Science},
%	Title = {METEOR : A successful application of B in a large project},
%	Volume = {1708},
%	Year = {1999}}
%
%@inproceedings{FF.07-ICFEM,
%	Author = {Beno{\^\i}t Fraikin and Marc Frappier},
%	Booktitle = {9th International Conference on Formal Engineering Methods (ICFEM 2007)},
%	Doi = {10.1007/978-3-540-76650-6_19},
%	Editor = {Jim Woodcock and Jin Song Dong},
%	Journal = {Formal Methods and Software Engineering},
%	Month = nov,
%	Pages = {327--344},
%	Publisher = {Springer Berlin/Heidelberg},
%	Series = {LNCS},
%	Title = {Efficient Symbolic Execution of Large Quantifications in a Process Algebra},
%	Url = {http://www.springerlink.com/content/9x862078502487r7},
%	Volume = {4789},
%	Year = {2007}}
%
%@inproceedings{Pn.79-The-Temporal-Semantics-of-Concurrent-Programs,
%	Address = {London, UK},
%	Author = {Amir Pnueli},
%	Booktitle = {Proceedings of the International Sympoisum on Semantics of Concurrent Computation},
%	Isbn = {3-540-09511-X},
%	Keywords = {Temporal semantics, Concurrency},
%	Pages = {1--20},
%	Publisher = {Springer-Verlag},
%	Title = {{The Temporal Semantics of Concurrent Programs}},
%	Year = {1979}}
%
%@phdthesis{FRA.06-thesis,
%	Address = {Sherbrooke, Qu{\'e}bec, Canada},
%	Author = {Beno{\^\i}t Fraikin},
%	Month = apr,
%	School = {D{\'e}partement d'informatique, Universit{\'e} de Sherbrooke},
%	Title = {Interpr{\'e}tation efficace d'expression de processus \textsc{eb}${}^3$},
%	Url = {http://savoirs.usherbrooke.ca/handle/11143/5062},
%	Year = {2006}}
%
%@mastersthesis{Ri.01-EB3,
%	Address = {Sherbrooke, Qu{\'e}bec, Canada},
%	Author = {Mario Richard},
%	Keywords = {EB3, Formal conformace testing, Object-orientation},
%	School = {Universit{\'e} de Sherbrooke, D{\'e}partement d'informatique},
%	Title = {Int{\'e}gration de la m{\'e}thode {$\textsc{eb}^{3}$} dans un processus logiciel orient{\'e} objets},
%	Year = {2001}}
%
%@techreport{FRA.05-TR9,
%	Address = {Sherbrooke, Qu{\'e}bec, Canada},
%	Author = {Beno{\^\i}t Fraikin},
%	Institution = {Universit{\'e} de Sherbrooke, D{\'e}partement d'informatique},
%	Month = jan,
%	Number = {9},
%	Title = {D{\'e}monstration de l'{\'e}quivalence des syst{\`e}mes de r{\`e}gles \textsc{fsd} et \textsc{pai} pour $\textsc{eb}^{3}$},
%	Url = {http://www.dmi.usherb.ca/~gril/doc/eb3pai/pdf/05-TR9.pdf},
%	Year = {2005}}
%
%@incollection{CitekeyIncollection,
%	author    = "Shapiro, Howard M.",
%	editor    = "Hawley, Teresa S. and Hawley, Robert G.",
%	title     = "Flow Cytometry: The Glass Is Half Full",
%	booktitle = "Flow Cytometry Protocols",
%	year      = 2018,
%	publisher = "Springer",
%	address   = "New York, NY",
%	pages     = "1--10"
%}
%
%@incollection{BB.89-LOTOS,
%	Author = {Tommaso Bolognesi and Ed Brinksma},
%	Booktitle = {The Formal Description Technique LOTOS},
%	Editor = {P. H. J. van Eijk and C. A. Vissers and M. Diaz},
%	Pages = {23--73},
%	Publisher = {Elsevier Science Publishers B.V.},
%	Title = {Introduction to the {ISO} specification language {LOTOS}},
%	Year = {1989}}
%
%@misc{INRIA.cadp,
%	Note = {Site visit\'e le 10 octobre 2007},
%	Organization = {INRIA Rh{\^o}ne-Alpes},
%	Title = {CADP: Caesar/Aldebaran Development Package},
%	Url = {http://www.inrialpes.fr/vasy/cadp/}}
%%	Author = {INRIA Rh{\^o}ne-Alpes},
%
%@booklet{La.02-CDBD,
%	Address = {{\'E}vry, France},
%	Affiliation = {CEDRIC Laboratory},
%	Author = {R{\'e}gine Laleau},
%	Title = {Conception et d{\'e}veloppement formels d'applications bases de donn{\'e}es.},
%	Url = {http://cedric.cnam.fr/PUBLIS/RC424.ps.gz},
%	Year = {2002}}
%
%@booklet{STE.97-Manuel-B,
%	Author = {STERIA},
%	Howpublished = {Manuel distribu\'e avec l'Atelier~B},
%	Organization = {STERIA},
%	Title = {Prouveur int\'eractif, Manuel Utilisateur (Version 3.1)},
%	Year = {1997}}
%
%@misc{Gi.08-Logic-Vs.-Intelligence,
%	Author = {Jean-Yves Girard},
%	Howpublished = {Base de données},
%	Month = feb,
%	Title = {{Logic Vs. Intelligence}},
%	Url = {http://iml.univ-mrs.fr/~girard/Articles.html},
%	Year = {2008},
%	note = {Document non publié},
%}
%
%
%@unpublished{BuDo.99-guide-B,
%	Author = {Burdy Lillian and Doll\'e Daniel},
%	Month = may,
%	Note = {document interne Matra Transport International},
%	Title = {Guide de d\'eveloppement en B},
%	Year = {1999}}
%
%
%%%%%%%%%%%%%%%
%%%%%%%%%%%%%%% CROSSREFs doivent absolument etre a la fin et il faut ajouter
%%%%%%%%%%%%%%% l'option -crossref-min=100 pour bibtex
%%%%%%%%%%%%%%%
%
%@proceedings{acm:1995,
%	booktitle = acm,
%	address = {San Francisco, USA},
%	year = 1995,
%}
%
%@proceedings{acm:1997,
%	title = acm,
%	booktitle = acm,
%	address = {Seattle, USA},
%	year = 1997,
%}
%
%@proceedings{ei:2004,
%	title = {Proceedings of the {\sc IS\&T/SPIE} 16th International Symposium
%	on Electronic Imaging: Science and Technology},
%	booktitle = {Proceedings of the {\sc IS\&T/SPIE} 16th International Symposium on
%	Electronic Imaging: Science and Technology},
%	volume = 5299,
%	year = 2004,
%	organization = {SPIE},
%	address = {San Jose, California, USA},
%	month = jan #{~18-22},
%}
%
%@proceedings{cvpr:2003,
%	title = cvpr,
%	booktitle = cvpr,
%	year = 2003,
%	organization = {{\sc ieee} Computer Society},
%	address = {Madison,  Wisconsin, USA},
%	month = jun #{~18-22},
%}
%
%@proceedings{icip:1997,
%	title = icip,
%	booktitle = icip,
%	address = {Washington, DC, USA},
%	month = oct #{~26-29},
%	year = 1997,
%	organization = {{\sc ieee} Signal Processing Society},
%}
%
%@proceedings{icip:1998,
%	title = icip,
%	booktitle = icip,
%	address = {Chicago, Illinois, USA},
%	month = oct #{~4-7},
%	year = 1998,
%	organization = {{\sc ieee} Signal Processing Society},
%}
%
%@proceedings{icpr:2000,
%	title = icpr2000,
%	booktitle = icpr2000,
%	year = 2000,
%	address = {Barcelona, Spain},
%	month = sep #{~3-8},
%}
%
%@book{kevorkian90,
%	author = {J. Kevorkian and others},
%	title = {{Partial Differential Equations : Analytical Solution Techniques}},
%	publisher = {Chapman and Hall},
%	year = 1990,
%	series = {Mathematics serie},
%	address = {New York, USA},
%	isbn = {0-412-05131-1},
%	keywords = {Equations aux derivees partielles--Second degre et types multiples},
%	source = {UdeS},
%}




%%%%%%%%%%%%%%%%%%%%%%% MY OWN STUFF %%%%%%%%%%%%%%%%%%%%%%%

@misc{ZeroDay,
   title = {Zero-Day, Open Research Content Archive (ORCA)},
   author = {Mike Winkelmann},
   year = {2019},
   month = {November},
   note = {\small \texttt{https://developer.nvidia.com/orca/beeple-zero-day}},
   url = {https://developer.nvidia.com/orca/beeple-zero-day}
}

@misc{multi-material,
    title = {Steampunk goggles},
    author = {lepkarepka},
    year = {2021},
    month = {January},
    note = {\small Sous licence Creative Commons Attribution \texttt{http://creativecommons.org/licenses/by/4.0/}},
    url = {https://skfb.ly/6YoUZ}
}

@misc{suzanne-uv,
    title = {Suzanne},
    author = {Willem-Paul van Overbruggen},
    year = {2002}
}


@article{heitz_high-performance_2018,
	title = {High-{Performance} {By}-{Example} {Noise} using a {Histogram}-{Preserving} {Blending} {Operator}},
	volume = {1},
	issn = {2577-6193},
	url = {https://dl.acm.org/doi/10.1145/3233304},
	doi = {10.1145/3233304},
	language = {en},
	number = {2},
	urldate = {2022-05-09},
	journal = {Proceedings of the ACM on Computer Graphics and Interactive Techniques},
	author = {Heitz, Eric and Neyret, Fabrice},
	month = aug,
	year = {2018},
	keywords = {patch-based synthesis, real-time rendering, texture synthesis, noise, procedural},
	pages = {1--25}
}

@article{lutz_cyclostationary-gaussian_2021,
author = {Lutz, Nicolas and Sauvage, Basile and Dischler, Jean-Michel},
title = {Cyclostationary Gaussian noise: theory and synthesis},
journal = {Computer Graphics Forum},
volume = {40},
number = {2},
pages = {239-250},
keywords = {CCS Concepts, • Computing methodologies → Rendering; Texturing},
doi = {https://doi.org/10.1111/cgf.142629},
url = {https://onlinelibrary.wiley.com/doi/abs/10.1111/cgf.142629},
eprint = {https://onlinelibrary.wiley.com/doi/pdf/10.1111/cgf.142629},
year = {2021}
}

@article{tricard_procedural_2019,
	title = {Procedural phasor noise},
	volume = {38},
	issn = {0730-0301, 1557-7368},
	url = {https://dl.acm.org/doi/10.1145/3306346.3322990},
	doi = {10.1145/3306346.3322990},
	language = {en},
	number = {4},
	urldate = {2021-11-15},
	journal = {ACM Transactions on Graphics},
	author = {Tricard, Thibault and Efremov, Semyon and Zanni, Cédric and Neyret, Fabrice and Martínez, Jonàs and Lefebvre, Sylvain},
	month = jul,
	year = {2019},
	keywords = {local phase, phase information, noise, procedural, texture synthesis, real-time rendering},
	pages = {1--13}
}

@article{gilet_local_2014,
	title = {Local random-phase noise for procedural texturing},
	volume = {33},
	issn = {0730-0301, 1557-7368},
	url = {https://dl.acm.org/doi/10.1145/2661229.2661249},
	doi = {10.1145/2661229.2661249},
	language = {en},
	number = {6},
	urldate = {2022-05-06},
	journal = {ACM Transactions on Graphics},
	author = {Gilet, Guillaume and Sauvage, Basile and Vanhoey, Kenneth and Dischler, Jean-Michel and Ghazanfarpour, Djamchid},
	month = nov,
	year = {2014},
	keywords = {phase information, noise, procedural, texture synthesis, multi-layer noise, real-time rendering},
	pages = {1--11}
}

@article{oppenheim_importance_1981,
	title = {The importance of phase in signals},
	volume = {69},
	issn = {1558-2256},
	doi = {10.1109/PROC.1981.12022},
	number = {5},
	journal = {Proceedings of the IEEE},
	author = {Oppenheim, A.V. and Lim, J.S.},
	month = may,
	year = {1981},
	note = {Conference Name: Proceedings of the IEEE},
	pages = {529--541},
}

@article{morrone_feature_1987,
	title = {Feature detection from local energy},
	volume = {6},
	issn = {0167-8655},
	url = {https://www.sciencedirect.com/science/article/pii/0167865587900134},
	doi = {https://doi.org/10.1016/0167-8655(87)90013-4},
	number = {5},
	journal = {Pattern Recognition Letters},
	author = {Morrone, M. C. and Owens, R. A.},
	year = {1987},
	pages = {303--313},
}

@article{concetta_morrone_feature_1997,
	title = {Feature detection in human vision: a phase-dependent energy model},
	volume = {235},
	shorttitle = {Feature detection in human vision},
	url = {https://royalsocietypublishing.org/doi/abs/10.1098/rspb.1988.0073},
	doi = {10.1098/rspb.1988.0073},
	number = {1280},
	urldate = {2023-09-01},
	journal = {Proceedings of the Royal Society of London. Series B. Biological Sciences},
	author = {Concetta Morrone, M. and Burr, D. C. and Barlow, Horace Basil},
	month = jan,
	year = {1997},
	note = {Publisher: Royal Society},
	pages = {221--245},
}

@article{kovesi_phase_2003,
	title = {Phase {Congruency} {Detects} {Corners} and {Edges}},
	language = {en},
	author = {Kovesi, Peter},
	year = {2003},
	pages = {10},
}

@techreport{kovesi_image_1995,
	title = {Image {Features} {From} {Phase} {Congruency}},
	institution = {Videre},
	author = {Kovesi, Peter},
	year = {1995},
}

@inproceedings{efros_image_2001,
	address = {New York, NY, USA},
	series = {{SIGGRAPH} '01},
	title = {Image quilting for texture synthesis and transfer},
	isbn = {978-1-58113-374-5},
	url = {https://dl.acm.org/doi/10.1145/383259.383296},
	doi = {10.1145/383259.383296},
	urldate = {2023-10-13},
	booktitle = {Proceedings of the 28th annual conference on {Computer} graphics and interactive techniques},
	publisher = {Association for Computing Machinery},
	author = {Efros, Alexei A. and Freeman, William T.},
	month = aug,
	year = {2001},
	pages = {341--346},
}

@phdthesis{lutz_processus_2021,
	address = {Strasbourg},
	title = {Processus stochastiques et algorithmes pour la synthèse et le rendu de textures},
	language = {fr},
	school = {Université de Strasbourg},
	author = {Lutz, Nicolas},
	month = dec,
	year = {2021}
}

@article{felsberg_monogenic_2001,
	title = {The monogenic signal},
	volume = {49},
	issn = {1941-0476},
	url = {https://ieeexplore.ieee.org/document/969520},
	doi = {10.1109/78.969520},
	number = {12},
	journal = {IEEE Transactions on Signal Processing},
	author = {Felsberg, M. and Sommer, G.},
	month = dec,
	year = {2001},
	note = {Conference Name: IEEE Transactions on Signal Processing},
	pages = {3136--3144},
}

@inproceedings{wadhwa_riesz_2014,
	address = {Santa Clara, CA, USA},
	title = {Riesz pyramids for fast phase-based video magnification},
	isbn = {978-1-4799-5188-8},
	url = {http://ieeexplore.ieee.org/document/6831820/},
	doi = {10.1109/ICCPHOT.2014.6831820},
	language = {en},
	urldate = {2021-11-29},
	booktitle = {2014 {IEEE} {International} {Conference} on {Computational} {Photography} ({ICCP})},
	publisher = {IEEE},
	author = {Wadhwa, Neal and Rubinstein, Michael and Durand, Fredo and Freeman, William T.},
	month = may,
	year = {2014},
	pages = {1--10},
}

@article{bridge_introduction_2018,
	title = {An {Introduction} {To} {The} {Monogenic} {Signal}},
	volume = {abs/1703.09199},
	url = {http://arxiv.org/abs/1703.09199},
	language = {en},
	urldate = {2021-11-29},
	journal = {Computing Research Repository},
	author = {Bridge, Christopher P},
	month = aug,
	year = {2018},
	note = {arXiv: 1703.09199},
}

@article{simoncelli_shiftable_1992,
title = {Shiftable multiscale transforms},
volume = {38},
issn = {1557-9654},
url = {https://ieeexplore.ieee.org/abstract/document/119725?casa_token=x8WP0PgsBcgAAAAA:vKKKgFDUdhIrmvv7Hsah7_HqlB-K3GTvECAgPJA1zh9Z0sSB09xK_NKEV2sQnHiuRIT0_VZudlU},
doi = {10.1109/18.119725},
abstract = {One of the major drawbacks of orthogonal wavelet transforms is their lack of translation invariance: the content of wavelet subbands is unstable under translations of the input signal. Wavelet transforms are also unstable with respect to dilations of the input signal and, in two dimensions, rotations of the input signal. The authors formalize these problems by defining a type of translation invariance called shiftability. In the spatial domain, shiftability corresponds to a lack of aliasing; thus, the conditions under which the property holds are specified by the sampling theorem. Shiftability may also be applied in the context of other domains, particularly orientation and scale. Jointly shiftable transforms that are simultaneously shiftable in more than one domain are explored. Two examples of jointly shiftable transforms are designed and implemented: a 1-D transform that is jointly shiftable in position and scale, and a 2-D transform that is jointly shiftable in position and orientation. The usefulness of these image representations for scale-space analysis, stereo disparity measurement, and image enhancement is demonstrated.{\textless}{\textgreater}},
number = {2},
urldate = {2023-12-04},
journal = {IEEE Transactions on Information Theory},
author = {Simoncelli, E.P. and Freeman, W.T. and Adelson, E.H. and Heeger, D.J.},
month = mar,
year = {1992},
note = {Conference Name: IEEE Transactions on Information Theory},
pages = {587--607},
}

@article{wadhwa_phase_based_2013,
title = {Phase-based video motion processing},
volume = {32},
issn = {0730-0301, 1557-7368},
url = {https://dl.acm.org/doi/10.1145/2461912.2461966},
doi = {10.1145/2461912.2461966},
language = {en},
number = {4},
urldate = {2021-11-18},
journal = {ACM Transactions on Graphics},
author = {Wadhwa, Neal and Rubinstein, Michael and Durand, Frédo and Freeman, William T.},
month = jul,
year = {2013},
pages = {1--10},
}

@article{burt_laplacian_1983,
title = {The Laplacian Pyramid as a Compact Image Code},
language = {en},
author = {Burt, Peter J and Adelson, Edward H},
year = {1983},
month = apr,
journal = {IEEE Transactions on Information Theory},
volume = {31},
number = {4},
pages = {532--540},
}

@article{jebamalar_design_2014,
author = {JEBAMALAR LEAVLINE, EPIPHANY and Sutha, s},
year = {2014},
month = {10},
pages = {},
title = {Design of FIR Filters for Fast Multiscale Directional Filter Banks},
volume = {7},
journal = {International Journal of u- and e-Service, Science and Technology},
doi = {10.14257/ijunesst.2014.7.5.20}
}